

@book{adams1766brewing,
  address =       {Boston},
  author =        {Adams, Sam},
  publisher =     {Lobsterback Books},
  title =         {Brewing for Patriots},
  year =          {1766},
}


@article{dover1999insignificance,
  author =        {Dover, Ben},
  journal =       {Journal of Irreproducible Results},
  month =         {September},
  number =        {3},
  pages =         {647-674},
  title =         {The Insignificance of Randomly Typed Digits},
  volume =        {52},
  year =          {1999},
}

@book{ferrell2006talladega,
  address =       {Talladega, NC},
  author =        {Ferrell, Will},
  publisher =     {Spidermonkey Press},
  title =         {Talladega Nights: The Ballad of Ricky Bobby},
  year =          {2006},
}


@article{binmore85,
	Author = {Binmore, Ken and Avner Shaked and John Sutton},
	Date-Added = {2008-11-01 11:48:34 -0400},
	Date-Modified = {2008-11-01 11:49:57 -0400},
	Journal = {American Economic Review},
	Number = {5},
	Pages = {1178-1180},
	Title = {Testing Noncooperative Bargaining Theory: A Preliminary Study},
	Volume = {75},
	Year = {1985}}
